[1]
@article{Khachatryan:2016vau,
    author          = "{ATLAS and CMS Collaborations}",
    title           = "{M}easurements of the {H}iggs boson production and decay rates and constraints on its couplings from a combined {ATLAS} and {CMS} analysis of the {LHC} pp collision data at {$\sqrt{s}$} = 7 and 8 {TeV}",
    journal         = "JHEP",
    volume          = "08",
    year            = "2016",
    pages           = "045",
    doi             = "10.1007/JHEP08(2016)045",
    eprint          = "1606.02266",
    archivePrefix   = "arXiv",
    primaryClass    = "hep-ex",
    reportNumber    = "CERN-EP-2016-100, ATLAS-HIGG-2015-07, CMS-HIG-15-002",
    SLACcitation    = "%%CITATION = ARXIV:1606.02266;%%",
    ignoredoldtitle = "{Measurements of the Higgs boson production and decay rates and constraints on its couplings from a combined ATLAS and CMS analysis of the LHC pp collision data at $ \sqrt{s}.=7 $ and 8 TeV}"
    }

[2]
@article{Aad:2015zhl,
    author          = "{ATLAS and CMS Collaborations}",
    title           = "{C}ombined {M}easurement of the {H}iggs {B}oson {M}ass in {$pp$} {C}ollisions at {$\sqrt{s}$} = 7 and 8 {TeV} with the {ATLAS} and {CMS} {E}xperiments",
    journal         = "Phys. Rev. Lett.",
    volume          = "114",
    year            = "2015",
    pages           = "191803",
    doi             = "10.1103/PhysRevLett.114.191803",
    eprint          = "1503.07589",
    archivePrefix   = "arXiv",
    primaryClass    = "hep-ex",
    reportNumber    = "ATLAS-HIGG-2014-14, CMS-HIG-14-042, CERN-PH-EP-2015-075",
    SLACcitation    = "%%CITATION = ARXIV:1503.07589;%%",
    ignoredoldtitle = "{Combined Measurement of the Higgs Boson Mass in $pp$ Collisions at $\sqrt{s}=7$ and 8 TeV with the ATLAS and CMS Experiments}"
    }

[3]
@techreport{CMS:2018lkl,
    title           = "{C}ombined measurements of the {H}iggs boson's couplings at {$\sqrt{s}$} = 13 {TeV}",
    collaboration   = "CMS",
    number          = "CMS-PAS-HIG-17-031",
    year            = "2018",
    reportNumber    = "CMS-PAS-HIG-17-031",
    url             = "http://cds.cern.ch/record/2308127",
    type            = "{CMS Physics Analysis Summary}",
    ignoredoldtitle = "{Combined measurements of the Higgs boson's couplings at $\sqrt{s}=13$ TeV}",
    note            = "Submitted to \textit{Eur. Phys. J. C}"
    }

[4]
@techreport{CMS-PAS-HIG-17-028,
    author          = "{CMS Collaboration}",
    title           = "Combined measurement and interpretation of differential {H}iggs boson production cross sections at {$\sqrt{s}$}=13 {TeV}",
    url             = "https://cds.cern.ch/record/2628757",
    type            = "{CMS Physics Analysis Summary}",
    number          = "CMS-PAS-HIG-17-028",
    year            = "2018",
    ignoredoldtitle = "Combined measurement and interpretation of differential Higgs boson production cross sections at $\sqrt{s}$=13 {TeV}"
    }

[5]
@article{Dimopoulos:1981zb,
    author          = "Dimopoulos, Savas and Georgi, Howard",
    title           = "{S}oftly {B}roken {S}upersymmetry and {SU(5)}",
    journal         = "Nucl. Phys. B",
    volume          = "193",
    year            = "1981",
    pages           = "150",
    doi             = "10.1016/0550-3213(81)90522-8",
    reportNumber    = "HUTP-81/A022",
    SLACcitation    = "%%CITATION = NUPHA,B193,150;%%",
    ignoredoldtitle = "{Softly Broken Supersymmetry and SU(5)}"
    }

[6]
@article{Witten:1981nf,
    author          = "Witten, Edward",
    title           = "{D}ynamical {B}reaking of {S}upersymmetry",
    journal         = "Nucl. Phys. B",
    volume          = "188",
    year            = "1981",
    pages           = "513",
    doi             = "10.1016/0550-3213(81)90006-7",
    reportNumber    = "Print-81-0317 (PRINCETON)",
    SLACcitation    = "%%CITATION = NUPHA,B188,513;%%",
    ignoredoldtitle = "{Dynamical Breaking of Supersymmetry}"
    }

[7]
@article{Aad:2015lha,
    author          = "Aad, Georges and others",
    title           = "{M}easurements of the {T}otal and {D}ifferential {H}iggs {B}oson {P}roduction {C}ross {S}ections {C}ombining the {$H\rightarrow\gamma\gamma$} and {$H\rightarrow ZZ \rightarrow 4\ell$} {D}ecay {C}hannels at {$\sqrt{s}$} = 8 {TeV} with the {ATLAS} {D}etector",
    collaboration   = "ATLAS",
    journal         = "Phys. Rev. Lett.",
    volume          = "115",
    year            = "2015",
    pages           = "091801",
    doi             = "10.1103/PhysRevLett.115.091801",
    eprint          = "1504.05833",
    archivePrefix   = "arXiv",
    primaryClass    = "hep-ex",
    reportNumber    = "CERN-PH-EP-2015-048",
    SLACcitation    = "%%CITATION = ARXIV:1504.05833;%%",
    ignoredoldtitle = "{Measurements of the Total and Differential Higgs Boson Production Cross Sections Combining the $H\rightarrow\gamma\gamma$ and $H\rightarrow ZZ \rightarrow 4\ell$ Decay Channels at $\sqrt{s}$=8 TeV with the ATLAS Detector}"
    }

[8]
@article{Bishara:2016jga,
    author          = "Bishara, Fady and Haisch, Ulrich and Monni, Pier Francesco and Re, Emanuele",
    title           = "{C}onstraining {Light-Quark} {Y}ukawa {C}ouplings from {H}iggs {D}istributions",
    journal         = "Phys. Rev. Lett.",
    volume          = "118",
    year            = "2017",
    pages           = "121801",
    doi             = "10.1103/PhysRevLett.118.121801",
    eprint          = "1606.09253",
    archivePrefix   = "arXiv",
    primaryClass    = "hep-ph",
    SLACcitation    = "%%CITATION = ARXIV:1606.09253;%%",
    ignoredoldtitle = "{Constraining Light-Quark Yukawa Couplings from Higgs Distributions}"
    }

[9]
@article{Aad:2015sda,
    author          = "Aad, Georges and others",
    title           = "{S}earch for {H}iggs and {Z} {B}oson {D}ecays to {J}/{$\psi\gamma$} and {$\Upsilon(nS)\gamma$} with the {ATLAS} {D}etector",
    collaboration   = "ATLAS",
    journal         = "Phys. Rev. Lett.",
    volume          = "114",
    year            = "2015",
    pages           = "121801",
    doi             = "10.1103/PhysRevLett.114.121801",
    eprint          = "1501.03276",
    archivePrefix   = "arXiv",
    primaryClass    = "hep-ex",
    reportNumber    = "CERN-PH-EP-2014-294",
    SLACcitation    = "%%CITATION = ARXIV:1501.03276;%%",
    ignoredoldtitle = "{Search for Higgs and Z Boson Decays to J/$\psi\gamma$ and $\Upsilon(nS)\gamma$ with the ATLAS Detector}"
    }

[10]
@article{Aaboud:2018fhh,
    author          = "Aaboud, M. and others",
    title           = "{S}earch for the {D}ecay of the {H}iggs {B}oson to {C}harm {Q}uarks with the {ATLAS} {E}xperiment",
    collaboration   = "ATLAS",
    journal         = "Phys. Rev. Lett.",
    volume          = "120",
    year            = "2018",
    pages           = "211802",
    doi             = "10.1103/PhysRevLett.120.211802",
    eprint          = "1802.04329",
    archivePrefix   = "arXiv",
    primaryClass    = "hep-ex",
    reportNumber    = "CERN-EP-2017-334",
    SLACcitation    = "%%CITATION = ARXIV:1802.04329;%%",
    ignoredoldtitle = "{Search for the Decay of the Higgs Boson to Charm Quarks with the ATLAS Experiment}"
    }

[11]
@inproceedings{Grazzini:2017szg,
    author          = "Grazzini, Massimiliano and Ilnicka, Agnieszka and Spira, Michael and Wiesemann, Marius",
    title           = "{E}ffective {F}ield {T}heory for {H}iggs properties parametrisation: the transverse momentum spectrum case",
    booktitle       = "{Proceedings, 52nd Rencontres de Moriond on QCD and High Energy Interactions: La Thuile, Italy, March 25-April 1, 2017}",
    url             = "https://inspirehep.net/record/1599583/files/arXiv:1705.05143.pdf",
    year            = "2017",
    pages           = "23",
    eprint          = "1705.05143",
    archivePrefix   = "arXiv",
    primaryClass    = "hep-ph",
    SLACcitation    = "%%CITATION = ARXIV:1705.05143;%%",
    ignoredoldtitle = "{Effective Field Theory for Higgs properties parametrisation: the transverse momentum spectrum case}"
    }

[12]
@article{Grazzini:2016paz,
    author          = "Grazzini, Massimiliano and Ilnicka, Agnieszka and Spira, Michael and Wiesemann, Marius",
    title           = "{M}odeling {BSM} effects on the {H}iggs transverse-momentum spectrum in an {EFT} approach",
    journal         = "JHEP",
    volume          = "03",
    year            = "2017",
    pages           = "115",
    doi             = "10.1007/JHEP03(2017)115",
    eprint          = "1612.00283",
    archivePrefix   = "arXiv",
    primaryClass    = "hep-ph",
    reportNumber    = "ZU-TH 43/16, PSI–PR–16-16, CERN-TH-2016-245",
    SLACcitation    = "%%CITATION = ARXIV:1612.00283;%%",
    ignoredoldtitle = "{Modeling BSM effects on the Higgs transverse-momentum spectrum in an EFT approach}"
    }

[13]
@article{Aad:2014lwa,
    author          = "Aad, Georges and others",
    title           = "{M}easurements of fiducial and differential cross sections for {H}iggs boson production in the diphoton decay channel at {$\sqrt{s}$} = 8 {TeV} with {ATLAS}",
    collaboration   = "ATLAS",
    journal         = "JHEP",
    volume          = "09",
    year            = "2014",
    pages           = "112",
    doi             = "10.1007/JHEP09(2014)112",
    eprint          = "1407.4222",
    archivePrefix   = "arXiv",
    primaryClass    = "hep-ex",
    reportNumber    = "CERN-PH-EP-2014-148",
    SLACcitation    = "%%CITATION = ARXIV:1407.4222;%%",
    ignoredoldtitle = "{Measurements of fiducial and differential cross sections for Higgs boson production in the diphoton decay channel at $\sqrt{s}=8$ TeV with ATLAS}"
    }

[14]
@article{Aad:2014tca,
    author          = "Aad, Georges and others",
    title           = "{F}iducial and differential cross sections of {H}iggs boson production measured in the four-lepton decay channel in {$pp$} collisions at {$\sqrt{s}$} = 8 {TeV} with the {ATLAS} detector",
    collaboration   = "ATLAS",
    journal         = "Phys. Lett. B",
    volume          = "738",
    year            = "2014",
    pages           = "234",
    doi             = "10.1016/j.physletb.2014.09.054",
    eprint          = "1408.3226",
    archivePrefix   = "arXiv",
    primaryClass    = "hep-ex",
    reportNumber    = "CERN-PH-EP-2014-186",
    SLACcitation    = "%%CITATION = ARXIV:1408.3226;%%",
    ignoredoldtitle = "{Fiducial and differential cross sections of Higgs boson production measured in the four-lepton decay channel in $pp$ collisions at $\sqrt{s}$=8 TeV with the ATLAS detector}"
    }

[15]
@article{Aad:2016lvc,
    author          = "Aad, Georges and others",
    title           = "{M}easurement of fiducial differential cross sections of gluon-fusion production of {H}iggs bosons decaying to {$WW^{*} \rightarrow e\nu\mu\nu$} with the {ATLAS} detector at {$\sqrt{s}$} = 8 {TeV}",
    collaboration   = "ATLAS",
    journal         = "JHEP",
    volume          = "08",
    year            = "2016",
    pages           = "104",
    doi             = "10.1007/JHEP08(2016)104",
    eprint          = "1604.02997",
    archivePrefix   = "arXiv",
    primaryClass    = "hep-ex",
    reportNumber    = "CERN-EP-2016-019",
    SLACcitation    = "%%CITATION = ARXIV:1604.02997;%%",
    ignoredoldtitle = "{Measurement of fiducial differential cross sections of gluon-fusion production of Higgs bosons decaying to $WW^{*} \rightarrow e\nu\mu\nu$ with the ATLAS detector at $\sqrt{s}=8 $ TeV}"
    }

[16]
@unpublished{Aaboud:2018xdt,
    author          = "Aaboud, Morad and others",
    title           = "{M}easurements of {H}iggs boson properties in the diphoton decay channel with 36 fb{$^{-1}$} of {$pp$} collision data at {$\sqrt{s}$} = 13 {TeV} with the {ATLAS} detector",
    collaboration   = "ATLAS",
    year            = "2018",
    eprint          = "1802.04146",
    archivePrefix   = "arXiv",
    primaryClass    = "hep-ex",
    reportNumber    = "CERN-EP-2017-288",
    SLACcitation    = "%%CITATION = ARXIV:1802.04146;%%",
    note            = "Submitted to \textit{Phys. Rev. D}",
    ignoredoldtitle = "{Measurements of Higgs boson properties in the diphoton decay channel with 36 fb$^{-1}$ of $pp$ collision data at $\sqrt{s} = 13$ TeV with the ATLAS detector}"
    }

[17]
@article{Aaboud:2017oem,
    author          = "Aaboud, Morad and others",
    title           = "{M}easurement of inclusive and differential cross sections in the {$H \rightarrow ZZ^* \rightarrow 4\ell$} decay channel in {$pp$} collisions at {$\sqrt{s}$} = 13 {TeV} with the {ATLAS} detector",
    collaboration   = "ATLAS",
    journal         = "JHEP",
    volume          = "10",
    year            = "2017",
    pages           = "132",
    doi             = "10.1007/JHEP10(2017)132",
    eprint          = "1708.02810",
    archivePrefix   = "arXiv",
    primaryClass    = "hep-ex",
    reportNumber    = "CERN-EP-2017-139",
    SLACcitation    = "%%CITATION = ARXIV:1708.02810;%%",
    ignoredoldtitle = "{Measurement of inclusive and differential cross sections in the $H \rightarrow ZZ^* \rightarrow 4\ell$ decay channel in $pp$ collisions at $\sqrt{s}=13$ TeV with the ATLAS detector}"
    }

[18]
@unpublished{Aaboud:2018ezd,
    author          = "Aaboud, Morad and others",
    title           = "{C}ombined measurement of differential and total cross sections in the {$H \rightarrow \gamma \gamma$} and the {$H \rightarrow ZZ^* \rightarrow 4\ell$} decay channels at {$\sqrt{s}$} = 13 {TeV} with the {ATLAS} detector",
    collaboration   = "ATLAS",
    doi             = "10.1016/j.physletb.2018.09.019",
    year            = "2018",
    eprint          = "1805.10197",
    archivePrefix   = "arXiv",
    primaryClass    = "hep-ex",
    reportNumber    = "CERN-EP-2018-080",
    SLACcitation    = "%%CITATION = ARXIV:1805.10197;%%",
    ignoredoldtitle = "{C}ombined measurement of differential and total cross sections in the $H \rightarrow \gamma \gamma$ and the $H \rightarrow ZZ^* \rightarrow 4\ell$ decay channels at $\sqrt{s} = 13$ {TeV} with the {ATLAS} detector",
    note            = "Submitted to \textit{Phys. Lett. B}"
    }

[19]
@article{Khachatryan:2015rxa,
    author          = "Khachatryan, Vardan and others",
    title           = "{M}easurement of differential cross sections for {H}iggs boson production in the diphoton decay channel in pp collisions at {$\sqrt{s}$} = 8 {TeV}",
    collaboration   = "CMS",
    journal         = "Eur. Phys. J. C",
    volume          = "76",
    year            = "2016",
    pages           = "13",
    doi             = "10.1140/epjc/s10052-015-3853-3",
    eprint          = "1508.07819",
    archivePrefix   = "arXiv",
    primaryClass    = "hep-ex",
    reportNumber    = "CMS-HIG-14-016, CERN-PH-EP-2015-195",
    SLACcitation    = "%%CITATION = ARXIV:1508.07819;%%",
    ignoredoldtitle = "{Measurement of differential cross sections for Higgs boson production in the diphoton decay channel in pp collisions at $\sqrt{s}=8\,\text {TeV} $}"
    }

[20]
@article{Khachatryan:2015yvw,
    author          = "Khachatryan, Vardan and others",
    title           = "{M}easurement of differential and integrated fiducial cross sections for {H}iggs boson production in the four-lepton decay channel in pp collisions at {$\sqrt{s}$} = 7 and 8 {TeV}",
    collaboration   = "CMS",
    journal         = "JHEP",
    volume          = "04",
    year            = "2016",
    pages           = "005",
    doi             = "10.1007/JHEP04(2016)005",
    eprint          = "1512.08377",
    archivePrefix   = "arXiv",
    primaryClass    = "hep-ex",
    reportNumber    = "CMS-HIG-14-028, CERN-PH-EP-2015-285",
    SLACcitation    = "%%CITATION = ARXIV:1512.08377;%%",
    ignoredoldtitle = "{Measurement of differential and integrated fiducial cross sections for Higgs boson production in the four-lepton decay channel in pp collisions at $ \sqrt{s}=7 $ and 8 TeV}"
    }

[21]
@article{Khachatryan:2016vnn,
    author          = "Khachatryan, Vardan and others",
    title           = "{M}easurement of the transverse momentum spectrum of the {H}iggs boson produced in pp collisions at {$\sqrt{s}$} = 8 {TeV} using {$H \to WW$} decays",
    collaboration   = "CMS",
    journal         = "JHEP",
    volume          = "03",
    year            = "2017",
    pages           = "032",
    doi             = "10.1007/JHEP03(2017)032",
    eprint          = "1606.01522",
    archivePrefix   = "arXiv",
    primaryClass    = "hep-ex",
    reportNumber    = "CMS-HIG-15-010, CERN-EP-2016-125",
    SLACcitation    = "%%CITATION = ARXIV:1606.01522;%%",
    ignoredoldtitle = "{Measurement of the transverse momentum spectrum of the Higgs boson produced in pp collisions at $ \sqrt{s}=8 $ TeV using $H \to WW$ decays}"
    }

[22]
@unpublished{Sirunyan:2018kta,
    author          = "Sirunyan, Albert M. and others",
    title           = "{M}easurement of inclusive and differential {H}iggs boson production cross sections in the diphoton decay channel in proton-proton collisions at {$\sqrt{s}=$} 13 {TeV}",
    collaboration   = "CMS",
    year            = "2018",
    eprint          = "1807.03825",
    archivePrefix   = "arXiv",
    primaryClass    = "hep-ex",
    reportNumber    = "CMS-HIG-17-025, CERN-EP-2018-166",
    SLACcitation    = "%%CITATION = ARXIV:1807.03825;%%",
    ignoredoldtitle = "{Measurement of inclusive and differential Higgs boson production cross sections in the diphoton decay channel in proton-proton collisions at $\sqrt{s}=$ 13 TeV}",
    note            = "Submitted to \textit{JHEP}"
    }

[23]
@article{CMS_AN_2016-442,
    author          = "Sirunyan, Albert M and others",
    title           = "{M}easurements of properties of the {H}iggs boson decaying into the four-lepton final state in pp collisions at {$ \sqrt{s}$} = 13 {TeV}",
    collaboration   = "CMS",
    journal         = "JHEP",
    volume          = "11",
    year            = "2017",
    pages           = "047",
    doi             = "10.1007/JHEP11(2017)047",
    eprint          = "1706.09936",
    archivePrefix   = "arXiv",
    primaryClass    = "hep-ex",
    reportNumber    = "CMS-HIG-16-041, CERN-EP-2017-123",
    SLACcitation    = "%%CITATION = ARXIV:1706.09936;%%",
    ignoredoldtitle = "{Measurements of properties of the Higgs boson decaying into the four-lepton final state in pp collisions at $ \sqrt{s}=13 $ TeV}"
    }

[24]
@article{CMS_AN_2016-366,
    author          = "Sirunyan, Albert M and others",
    title           = "{I}nclusive search for a highly boosted {H}iggs boson decaying to a bottom quark-antiquark pair",
    collaboration   = "CMS",
    journal         = "Phys. Rev. Lett.",
    volume          = "120",
    year            = "2018",
    pages           = "071802",
    doi             = "10.1103/PhysRevLett.120.071802",
    eprint          = "1709.05543",
    archivePrefix   = "arXiv",
    primaryClass    = "hep-ex",
    reportNumber    = "CMS-HIG-17-010, CERN-EP-2017-207",
    SLACcitation    = "%%CITATION = ARXIV:1709.05543;%%",
    ignoredoldtitle = "{Inclusive search for a highly boosted Higgs boson decaying to a bottom quark-antiquark pair}"
    }

[25]
@article{Dasgupta:2013ihk,
    author          = "Dasgupta, Mrinal and Fregoso, Alessandro and Marzani, Simone and Salam, Gavin P.",
    title           = "{T}owards an understanding of jet substructure",
    journal         = "JHEP",
    volume          = "09",
    year            = "2013",
    pages           = "029",
    doi             = "10.1007/JHEP09(2013)029",
    eprint          = "1307.0007",
    archivePrefix   = "arXiv",
    primaryClass    = "hep-ph",
    reportNumber    = "CERN-PH-TH-2013-145, DCPT-13-86, IPPP-13-43, LPN13-036, MAN-HEP-2013-12",
    SLACcitation    = "%%CITATION = ARXIV:1307.0007;%%",
    ignoredoldtitle = "{Towards an understanding of jet substructure}"
    }

[26]
@article{Larkoski:2014wba,
    author          = "Larkoski, Andrew J. and Marzani, Simone and Soyez, Gregory and Thaler, Jesse",
    title           = "{S}oft {D}rop",
    journal         = "JHEP",
    volume          = "05",
    year            = "2014",
    pages           = "146",
    doi             = "10.1007/JHEP05(2014)146",
    eprint          = "1402.2657",
    archivePrefix   = "arXiv",
    primaryClass    = "hep-ph",
    reportNumber    = "MIT-CTP-4531, DCPT-14-24, IPPP-14-12",
    SLACcitation    = "%%CITATION = ARXIV:1402.2657;%%",
    ignoredoldtitle = "{Soft Drop}"
    }
